@misc{lavola,
  author = "Lavola S.A",
  title = {Lavola cosostenibilidad},
  howpublished = " \url{http://www.lavola.com/es/}",
  year = {2013}
},

@misc{vias,
  author = "Vias y Construcciones S.A",
  title = {VIAS},
  howpublished = " \url{http://www.vias.es/}",
  year = {2015}
},

@misc{cookiebox,
  author = "Cookie Box S.L.",
  title = {COOKIE BOX Edutaining People Transforming Organizations},
  howpublished = " \url{http://www.cookiebox.es/}",
  year = {2015}
},

@misc{necada,
  author = "Necada",
  title = {NECADA},
  howpublished = " \url{http://necada.com/}",
  year = {2015}
},

@misc{gamificacion,
  author = "Gamificación S.L",
  title = {Qué es la Gamificación},
  howpublished = " \url{http://www.gamificacion.com/que-es-la-gamificacion}",
  year = {2013}
},

@misc{inergybcn,
  author = "Inergy - RSM Gassó Cimne Energy SL",
  title = {Inergy},
  howpublished = " \url{http://www.inergybcn.com/}",
  year = {2015}
},

@misc{opower,
  author = "Opower, Inc.",
  title = {Opower},
  howpublished = " \url{http://www.opower.com/}",
  year = {2015}
},

@misc{enerbyte,
  author = "ENERBYTE SMART ENERGY SOLUTIONS S.L.",
  title = {Enerbyte, Smart Energy Solutions},
  howpublished = " \url{http://www.enerbyte.com/}",
  year = {2013}
},

@misc{leafully,
  author = "Trick Shot Studios LLC",
  title = {Leafully},
  howpublished = " \url{https://leafully.com}",
  year = {2013}
},

@misc{melon,
  author = "WegoWise Inc.",
  title = {Melon},
  howpublished = " \url{https://www.wegowise.com/melon}",
  year = {2013}
},

@misc{dexma,
  author = "DEXMA",
  title = {Dexma - Energy Management},
  howpublished = " \url{http://www.dexmatech.com/es/}",
  year = {2015}
},

@misc{seinon,
  author = "Seinon. Global Energos",
  title = {Seinon la herramienta del gestor energético},
  howpublished = " \url{http://seinon.org/}",
  year = {2015}
},

@misc{smarkia,
  author = "Smarkia",
  title = {Smarkia},
  howpublished = " \url{http://www.smarkia.com/es}",
  year = {2015}
},

@misc{subversion,
  author = "Apache TM",
  title = {Apache Subversion},
  howpublished = " \url{https://subversion.apache.org/}",
  year = {2015}
},

@misc{trello,
  author = "Trello, Inc.",
  title = {Trello},
  howpublished = " \url{https://trello.com/}",
  year = {2015}
},





